% Bibliografía
% Este fichero contiene la bibliografía de la memoria
% Está en un formato que se conoce como BibTex.
% Hay muchos sitios web que exportan referencias en formato BibTeX. 
% Prueba a buscar en http://scholar.google.com por referencias
% y verás que lo puedes hacer de manera sencilla.
% Más información: 
% http://texblog.org/2014/04/22/using-google-scholar-to-download-bibtex-citations/
% Existen varias posibilidades para referenciar diferentes tipos de documentos,
% ya que los datos necesarios varían. Así, existen formatos de entrada para
%     * libros (book)
%     * artículos en revistas de investigación (article)
%     * capítulos de libro (incollection)
%     * informes técnicos (techreport)
%     * otros (misc)
%
% Las páginas web deberían ir como misc.
% Una última cosa: no referencias nunca la WikiPedia
% La WikiPedia, como buena enciclopedia, no es fuente primaria.
% Si acaso, busca por citas en la WikiPedia (que sí ha de referenciar fuentes
% primarias) y haz referencia a las mismas.
@Book{bonabeau:_swarm,
  author = 	 {Eric Bonabeau and Marco Dorigo and Guy Theraulaz},
  title = 	 {Swarm Intelligence: From Natural to Articial Systems},
  publisher = 	 {Oxford University Press, Inc.},
  year = 	 {1999}
}
@Article{parnas72:_modules,
 author = {David L. Parnas},
 title = {On the criteria to be used in decomposing systems into modules},
 journal = {CACM},
 volume = {15},
 year = {1972},
 pages = {1053-1058}
}
@InCollection{GBarahona04:_debian,
   author =       {González-Barahona, Jesús M. and Robles, Gregorio and
                   Ortuño Pérez, Miguel and Rodero-Merino, Luis and
                   Centeno González, José and Matellan-Olivera, Vicente and
                   Castro-Barbero, Eva and de-las-Heras-Quirós, Pedro},
   title =        {Analyzing the anatomy of {GNU/L}inux distributions:
                   methodology and case studies ({R}ed {H}at and {D}ebian)},
   pages =        {27-58},
   editor =       {Koch, Stefan},
   booktitle =    {Free/Open Source Software Development},
   publisher =    {Idea Group Publishing},
   address =      {Hershey, Pennsylvania, USA},
   year =         {2004},
}
@TechReport{ghosh02:_developer_survey,
  author = 	 {Rishab Aiyer Ghosh and Ruediger Glott and Bernhard Krieger and Gregorio Robles},
  title = 	 {Survey of Developers (Free/Libre and Open Source Software: Survey and Study)},
  institution =  {International Institute of Infonomics. University of Maastricht},
  year = 	 {2002},
  address =	 {The Netherlands},
  month =	 jun,
  note =	 {\\ http://www.infonomics.nl/FLOSS/report}
}
@Misc{wheeler01:_more_than_gigab,
  author =	 {David A. Wheeler},
  title =	 {More Than a Gigabuck: {E}stimating {GNU/L}inux's Size},
  month =	 {jun},
  year =	 {2001},
  note =	 {\\ http://www.dwheeler.com/sloc/redhat71-v1/redhat71sloc.html}
}
@inproceedings{robles2005self,
  title={Self-organized development in libre software:
         a model based on the stigmergy concept},
  author={Robles, Gregorio and Merelo, Juan Juli\'an 
          and Gonz\'alez-Barahona, Jes\'us M.},
  booktitle={ProSim'05},
  year={2005}
}


%%Books
@book{Daniel2018Data,
  author = {Daniel, Jesse C.},
  isbn = {9781617295607},
  publisher = {Manning},
  title = {Data Science at Scale with {P}ython and {D}ask},
  url = {https://www.manning.com/books/data-science-at-scale-with-python-and-dask},
  year = {2018}
}

@book{gettingthingsdone,
  author = {Allen, David},
  publisher = {Penguin Books},
  title = {Getting Things Done},
  url = {https://gettingthingsdone.com/},
  year = {2001}
}

@book{appliedpredictivemodeling,
  author = {Kuhn, Max and Johnson, Kjell},
  publisher = {Springer},
  title = {Applied Predictive Modeling},
  url = {http://appliedpredictivemodeling.com},
  year = {2013}
}

@book{intropython,
  author = {Deitel, Paul J. and Deitel, Harvey M.},
  publisher = {Pearson},
  title = {Intro to Python for Computer Science and Data Science: Learning to Program with AI, Big Data and The Cloud},
  year = {2019}
}

@book{algebraicgraphtheory,
  author = {Godsil, Chris and Royle, Gordon F.},
  publisher = {Springer},
  title = {Algebraic Graph Theory},
  year = {2001}
}

@book{pythoncookbook,
  author = {Beazley, David and Jones, Brian K.},
  publisher = {O'Reilly},
  title = {Python Cookbook: Recipes for Mastering Python 3},
  year = {2013}
}

@book{statistical,
  author = {Little, Roderick J. A. and Rubin, Donald B.},
  publisher = {Wiley},
  title = {Statistical Analysis with Missing Data},
  year = {2002}
}

@book{learningspark,
  author = {Zaharia, Matei and Damji, Jules S. and Wenig, Brooke and Das, Tathagata and Lee, Denny},
  publisher = {O'Reilly},
  title = {Learning Spark: Lightning-Fast Big Data Analysis},
  year = {2015}
}

@book{sparkinaction,
  author = {Zečević, Petar and Bonaći, Marko},
  publisher = {Manning Publishing},
  title = {Spark in Action},
  year = {2016}
}

@book{exploratorydata,
  author = {Dasu, T. and Johnson, T.},
  publisher = {John Wiley \& Sons},
  title = {Exploratory data mining and data cleaning (Vol. 479)},
  year = {2003}
}

@book{datapreparation,
  author = {Pyle, Dorian},
  publisher = {Morgan Kaufmann},
  title = {Data preparation for data mining},
  year = {1999}
}


%% Articles


%% Manuals
@online{IntroductionPC, 
  title={Introduction to Parallel Computing}, 
  url={https://computing.llnl.gov/tutorials/parallel_comp/#Whatis},
  organization={Lawrence Livermore National Laboratory}, 
  author={Blaise, Barney},
  urldate={2021-03-09}
}

@manual{missing_data, 
  title={Missing Data}, 
  url={https://cran.r-project.org/web/packages/finalfit/vignettes/missing.html},
  organization={CRAN Project},
  author={Harrison, Ewen},
  urldate={2021-03-09}
}

%% Misc
@online{daskCoreDevelopers, 
  title={Dask Project: Scalable analytics in Python}, 
  url={https://dask.org/},
  organization={Dask project},
  author={Dask core developers},
  urldate={2021-03-09}
}

@online{daskDocumentation, 
  title={Dask Documentation}, 
  url={https://docs.dask.org},
  organization={Dask project}, 
  author={Dask core developers},
  urldate={2021-03-09}
}

@online{pandasDocumentation, 
  title={Pandas Documentation}, 
  url={https://pandas.pydata.org/pandas-docs/stable/index.html},
  organization={Pandas project},
  author={Pandas core developers},
  urldate={2021-03-09}
}

@online{apacheSparkProject, 
  title={Apache Spark project}, 
  url={https://spark.apache.org},
  organization={Apache Spark project},
  author={Dask core developers},
  urldate={2021-03-09}
}

@online{kaggleSurvey, 
  title={Programming Languages Most Used and Recommended by Data Scientists}, 
  url={https://businessoverbroadway.com/2019/01/13/programming-languages-most-used-and-recommended-by-data-scientists/},
  organization={Business Broadway}, 
  author={Bob Hayes},
  urldate={2021-03-09}
}


%%%%%%%%%%%%%%%%%%%%%%%%%%%%%%%%%%%%%%%%%%%%%
%%%%%%%%%%%% OWN %%%%%%%%%%
%%%%%%%%%%%%%%%%%%%%%%%%%%%%%%%%%%%%%%%%%%%%%

@Misc{px4-guide,
  title={PX4 User Guide},
  url={https://docs.px4.io/main/en/},
  organization={Dronecode Foundation},
  organization={The Linux Foundation},
  urldate={2023-01-13}
}

@Misc{rpi4-side,
  title={Raspberry Pi 4 Model B - Side}, 
  url={https://commons.wikimedia.org/wiki/File:Raspberry_Pi_4_Model_B_-_Side.jpg},
  organization={Wikimedia Commons}, 
  author={Michael H. („Laserlicht“)},
  urldate={2023-01-13}
}

@Misc{rpi4-pinout,
  title={Raspberry Pi GPIO Header with Photo}, 
  url={https://www.raspberrypi-spy.co.uk/2012/06/simple-guide-to-the-rpi-gpio-header-and-pins/},
  author={Matt Hawkins},
  urldate={2023-01-14}
}

@techreport{airsim-paper,
     title = { {A}erial {I}nformatics and {R}obotics Platform },
     author = {Shital Shah and Debadeepta Dey and Chris Lovett and Ashish Kapoor},
     year = {2017},
     institution = {Microsoft Research},
     number = { {M}{S}{R}-{T}{R}-2017-9}
}

@manual{pixhawk-manual,
    title={Pixhawk 4 - Pinouts}, 
    url={http://www.holybro.com/manual/Pixhawk4-Pinouts.pdf},
    author={Holybro},
}

@Misc{pixhawk-px4,
  title={Pixhawk 4 - PX4 User Guide}, 
  url={https://docs.px4.io/main/en/flight_controller/pixhawk4.html},
  author={PX4 team},
  organization={Dronecode Foundation},
  urldate={2023-01-14}
}

@Misc{mp-hands,
  title={Hands - mediapipe}, 
  url={https://google.github.io/mediapipe/solutions/hands.html},
  author={Google LLC},
  urldate={2023-01-14}
}

@misc{mp-hands-paper,
  doi = {10.48550/ARXIV.2006.10214},
  url = {https://arxiv.org/abs/2006.10214},
  author = {Zhang, Fan and Bazarevsky, Valentin and Vakunov, Andrey and Tkachenka, Andrei and Sung, George and Chang, Chuo-Ling and Grundmann, Matthias},
  keywords = {Computer Vision and Pattern Recognition (cs.CV), FOS: Computer and information sciences, FOS: Computer and information sciences},
  title = {MediaPipe Hands: On-device Real-time Hand Tracking},
  publisher = {arXiv},
  year = {2020},
  copyright = {arXiv.org perpetual, non-exclusive license}
}

@Misc{mp-pose,
  title={Pose - mediapipe}, 
  url={https://google.github.io/mediapipe/solutions/pose.html},
  author={Google LLC},
  urldate={2023-01-14}
}

@misc{mp-pose-paper,
  doi = {10.48550/ARXIV.2006.10204},
  url = {https://arxiv.org/abs/2006.10204},
  author = {Bazarevsky, Valentin and Grishchenko, Ivan and Raveendran, Karthik and Zhu, Tyler and Zhang, Fan and Grundmann, Matthias},
  keywords = {Computer Vision and Pattern Recognition (cs.CV), FOS: Computer and information sciences, FOS: Computer and information sciences},
  title = {BlazePose: On-device Real-time Body Pose tracking},
  publisher = {arXiv},
  year = {2020},
  copyright = {arXiv.org perpetual, non-exclusive license}
}

@ARTICLE{mavlink,
  author={Koubâa, Anis and Allouch, Azza and Alajlan, Maram and Javed, Yasir and Belghith, Abdelfettah and Khalgui, Mohamed},
  journal={IEEE Access}, 
  title={Micro Air Vehicle Link (MAVlink) in a Nutshell: A Survey}, 
  year={2019},
  volume={7},
  number={},
  pages={87658-87680},
  doi={10.1109/ACCESS.2019.2924410}
}

%%% Cite docs / paper instead/as well
@Misc{build-airsim,
  title={Build on Windows - Airsim}, 
  url={https://microsoft.github.io/AirSim/build_windows/},
  author={Microsoft},
  urldate={2023-01-16}
}

@Misc{render-people,
  title={Over 4,000 Scanned 3D People Models}, 
  url={https://renderpeople.com/},
  author={Renderpeople},
  urldate={2023-01-16}
}

@Misc{airsim-px4-wsl,
  title={PX4 Software-in-Loop with WSL 2}, 
  url={https://microsoft.github.io/AirSim/px4_sitl_wsl2/},
  author={AirSim},
  organization={Microsoft},
  urldate={2023-01-17}
}

@Misc{px4-docs-params,
  title={}, 
  url={https://docs.px4.io/main/en/advanced_config/parameter_reference.html},
  author={PX4 team},
  organization={Dronecode foundation},
  urldate={2023-01-17}
}


%%%%%%%%%%%%%%%%%%%%%%%
%%%%%%  Scopus
%%%%%%  EXPORT DATE: 30 April 2022
%%%%%%%%%%%%%%%%%%%%%%%


@CONFERENCE{Mao2017345,
author={Mao, W. and Zhang, Z. and Qiu, L. and He, J. and Cui, Y. and Yun, A.S.},
title={Indoor follow me drone},
journal={MobiSys 2017 - Proceedings of the 15th Annual International Conference on Mobile Systems, Applications, and Services},
year={2017},
pages={345-358},
doi={10.1145/3081333.3081362},
note={cited By 33},
url={https://www.scopus.com/inward/record.uri?eid=2-s2.0-85026207294&doi=10.1145\%2f3081333.3081362&partnerID=40&md5=8b6c37ffaf6a7f02300b1c28b7a6d53d},
document_type={Conference Paper},
source={Scopus},
}

@CONFERENCE{Chakrabarty201625,
author={Chakrabarty, A. and Morris, R. and Bouyssounouse, X. and Hunt, R.},
title={Autonomous indoor object tracking with the Parrot AR.Drone},
journal={2016 International Conference on Unmanned Aircraft Systems, ICUAS 2016},
year={2016},
pages={25-30},
doi={10.1109/ICUAS.2016.7502612},
art_number={7502612},
note={cited By 24},
url={https://www.scopus.com/inward/record.uri?eid=2-s2.0-84979779834&doi=10.1109\%2fICUAS.2016.7502612&partnerID=40&md5=9c5bd30b53e234b7a03225a07557269a},
document_type={Conference Paper},
source={Scopus},
}

@CONFERENCE{Bartak201635,
author={Bartak, R. and Vykovsky, A.},
title={Any object tracking and following by a flying drone},
journal={Proceedings - 14th Mexican International Conference on Artificial Intelligence: Advances in Artificial Intelligence, MICAI 2015},
year={2016},
pages={35-41},
doi={10.1109/MICAI.2015.12},
art_number={7429411},
note={cited By 15},
url={https://www.scopus.com/inward/record.uri?eid=2-s2.0-84987776731&doi=10.1109\%2fMICAI.2015.12&partnerID=40&md5=fd529a25b1087de90fb4fefdaae0dbf4},
document_type={Conference Paper},
source={Scopus},
}

@CONFERENCE{Sanchez-Lopez20151391,
author={Sanchez-Lopez, J.L. and Pestana, J. and Collumeau, J.-F. and Suarez-Fernandez, R. and Campoy, P. and Molina, M.},
title={A vision based aerial robot solution for the Mission 7 of the International Aerial Robotics Competition},
journal={2015 International Conference on Unmanned Aircraft Systems, ICUAS 2015},
year={2015},
pages={1391-1400},
doi={10.1109/ICUAS.2015.7152435},
art_number={7152435},
note={cited By 12},
url={https://www.scopus.com/inward/record.uri?eid=2-s2.0-84941056988&doi=10.1109\%2fICUAS.2015.7152435&partnerID=40&md5=a74e5277d7420961bcedc63f36c6a91c},
document_type={Conference Paper},
source={Scopus},
}

@CONFERENCE{Pestana20141886,
author={Pestana, J. and Sanchez-Lopez, J.L. and Saripalli, S. and Campoy, P.},
title={Computer vision based general object following for GPS-denied multirotor unmanned vehicles},
journal={Proceedings of the American Control Conference},
year={2014},
pages={1886-1891},
doi={10.1109/ACC.2014.6858831},
art_number={6858831},
note={cited By 73},
url={https://www.scopus.com/inward/record.uri?eid=2-s2.0-84905717349&doi=10.1109\%2fACC.2014.6858831&partnerID=40&md5=6569abf0d533d8c92a42aedadfb9ce8e},
document_type={Conference Paper},
source={Scopus},
}

@ARTICLE{Pestana2014387,
author={Pestana, J. and Mellado-Bataller, I. and Sanchez-Lopez, J.L. and Fu, C. and Mondragón, I.F. and Campoy, P.},
title={A general purpose configurable controller for indoors and outdoors GPS-denied navigation for multirotor Unmanned Aerial Vehicles},
journal={Journal of Intelligent and Robotic Systems: Theory and Applications},
year={2014},
volume={73},
number={1-4},
pages={387-400},
doi={10.1007/s10846-013-9953-0},
note={cited By 32},
url={https://www.scopus.com/inward/record.uri?eid=2-s2.0-84899455856&doi=10.1007\%2fs10846-013-9953-0&partnerID=40&md5=715d7053f85dd71821108f1922117efa},
document_type={Article},
source={Scopus},
}

@CONFERENCE{Pestana2013,
author={Pestana, J. and Sanchez-Lopez, J.L. and Campoy, P. and Saripalli, S.},
title={Vision based GPS-denied Object Tracking and following for unmanned aerial vehicles},
journal={2013 IEEE International Symposium on Safety, Security, and Rescue Robotics, SSRR 2013},
year={2013},
doi={10.1109/SSRR.2013.6719359},
art_number={6719359},
note={cited By 64},
url={https://www.scopus.com/inward/record.uri?eid=2-s2.0-84894224375&doi=10.1109\%2fSSRR.2013.6719359&partnerID=40&md5=b62d374446ced88aebe4e5f875057f52},
document_type={Conference Paper},
source={Scopus},
}


